<?xml version="1.0" encoding="UTF-8"?><collection xmlns="http://www.loc.gov/MARC21/slim"><record><leader>00369nam--2200133-i-4500</leader><controlfield tag="001">000009305</controlfield><controlfield tag="002">20161230</controlfield><controlfield tag="005">20161230201028</controlfield><controlfield tag="008">060222s1000------------r-----000-0-eng-d</controlfield><datafield ind1=" " ind2=" " tag="080"><subfield code="a">681.3</subfield></datafield><datafield ind1=" " ind2=" " tag="100"><subfield code="a">Chang,Herbert Y.,Manning,Eric And Metze,Gernot</subfield></datafield><datafield ind1=" " ind2=" " tag="245"><subfield code="a">Fault diagnosis of digital systems</subfield></datafield><datafield ind1=" " ind2=" " tag="260"><subfield code="a">New York,Wiley-interscience,1970. Xii + 159 P</subfield></datafield><datafield ind1=" " ind2=" " tag="852"><subfield code="a">32899</subfield></datafield></record></collection>